@misc{wget,
  title = {WGET},
  date = {2012-09-02},
  howpublished = {https://www.gnu.org/software/wget/},
  url = {https://www.gnu.org/software/wget/},
  note = {Accessed: 2015-04-03}
}

@misc{WARCreate,
  title = {{WARC}reate},
  date = {2015-04-03},
  howpublished = {http://warcreate.com/},
  url = {http://warcreate.com/},
  note = {Accessed: 2015-04-03}
}

@misc{WAIL,
  title = {{WAIL}},
  date = {2015-04-03},
  howpublished = {http://matkelly.com/wail/},
  url = {http://matkelly.com/wail/},
  note = {Accessed: 2015-04-03}
}

@misc{webrecorder,
  title = {webrecorder.io},
  date = {2015-04-03},
  howpublished = {https://webrecorder.io/},
  url = {https://webrecorder.io/},
  note = {Accessed: 2015-04-04}
}


