@misc{justText,
  title = {jus{T}ext},
  date = {2014-01-01},
  howpublished = {https://pypi.python.org/pypi/jusText/2.0.0},
  url = {https://pypi.python.org/pypi/jusText/2.0.0},
  note = {Accessed: 2015-04-01}
}

