@misc{TwitterRateLimit,
  title = {{API} {R}ate {L}imits},
  date = {2015-01-01},
  howpublished = {https://dev.twitter.com/rest/public/rate-limiting},
  url = {https://dev.twitter.com/rest/public/rate-limiting},
  note = {Accessed: 2015-02-08}
}

@misc{Tweepy,
  title = {{T}weepy},
  date = {2009-01-01},
  howpublished = {http://tweepy.readthedocs.org/en/v3.2.0/},
  url = {http://tweepy.readthedocs.org/en/v3.2.0/},
  note = {Accessed: 2015-02-08}
}
