@misc{justText,
  title = {jus{T}ext},
  date = {2014-01-01},
  howpublished = {https://pypi.python.org/pypi/jusText/2.0.0},
  url = {https://pypi.python.org/pypi/jusText/2.0.0},
  note = {Accessed: 2015-04-01}
}

@misc{Zipf,
  title = {{T}he mystery of {Z}ipf},
  date = {2008-08-21},
  howpublished = {https://plus.maths.org/content/mystery-zipf},
  url = {https://plus.maths.org/content/mystery-zipf},
  note = {Accessed: 2015-04-01}
}
